
@article{Thesis2001,
  title     = {論文タイトル},
  author    = {著者},
  booktitle = {出典},
  pages     = {2},
  year      = {1111}
}
@book{Book2001,
  author    = {著者},
  title     = {本タイトル},
  publisher = {出版社},
  year      = {1111},
  volume    = {通巻}
}
@inproceedings{ghemawat2003google,
  title     = {The Google file system},
  author    = {Ghemawat, Sanjay and Gobioff, Howard and Leung, Shun-Tak},
  booktitle = {Proceedings of the nineteenth ACM symposium on Operating systems principles},
  pages     = {29--43},
  year      = {2003}
}
@book{abramowitz+stegun,
  author    = {Milton Abramowitz and Irene A. Stegun},
  title     = {Handbook of Mathematical Functions with
               Formulas, Graphs, and Mathematical Tables},
  publisher = {Dover},
  year      = {1964},
  address   = {New York},
  edition   = {ninth Dover printing, tenth GPO printing}
}
@misc{GoogleSc43:online,
  author       = {},
  title        = {Google Scholar},
  howpublished = {\url{https://scholar.google.co.jp/}},
  month        = {},
  year         = {},
  note         = {(閲覧日)}
}
@misc{BibTeXWi33:online,
  author       = {},
  title        = {BibTeX - Wikipedia},
  howpublished = {\url{https://ja.wikipedia.org/wiki/BibTeX}},
  month        = {},
  year         = {},
  note         = {(閲覧日)}
}
